@book{angeline1994a,
  author = {Angeline, P.J. and Saunders, G.M. and Pollack, J.B.},
  date = {1994},
  title = {An Evolutionary Algorithm that Constructs Recurrent Neural Networks},
  publisher = {State University},
  language = {en},
  address = {Columbus: Ohio}
}
@article{ash1989a,
  author = {Ash, T.},
  date = {1989},
  title = {Dynamic Node Creation in Backpropagation Networks},
  journal = {Connection Science},
  pages = {365–375},
  language = {en}
}
@book{axelrod1980a,
  author = {Axelrod, R.},
  date = {1980},
  title = {Effective Choice in the Prisoner's Dilemma},
  publisher = {Sage Publications, Inc},
  language = {en},
  address = {Michigan}
}
@book{axelrod1984a,
  author = {Axelrod, R.},
  date = {1984},
  title = {The Evolution of Cooperation},
  publisher = {Basic Books, Inc},
  language = {en},
  address = {New York}
}
@book{binmore2005a,
  author = {Binmore, K.},
  date = {2005},
  title = {Natural Justice},
  publisher = {Oxford University Press},
  language = {en}
}
@article{chen1995a,
  author = {Chen, D. and Giles, C. and Sun, G. and Chen, H. and Lee, Y. and Goudreau, M.},
  date = {1995},
  title = {Constructive Learning of Recurrent Neural Networks},
  journal = {IEEE Transactions on Neural Networks},
  pages = {1196–1197},
  language = {en}
}
@misc{chen-a,
  author = {},
  title = {Game Theory},
  url = {https://cs.stanford.edu/people/eroberts/courses/soco/projects/1998-99/game-theory/axelrod.html},
  language = {en},
  urldate = {from}
}
@misc{duignan2009a,
  author = {Duignan, B.},
  date = {2009-04-20},
  url = {https://www.britannica.com/topic/prisoners-dilemma},
  urldate = {Prisoner's Dilemma. from Encyclopaedia Briannica:}
}
@book{fahlman1991a,
  author = {Fahlman, S.E.},
  date = {1991},
  title = {The Recurrent Cascade-Correlation Architecture},
  publisher = {Carnegie Mellon University},
  language = {en},
  address = {Pittsburgh}
}
@article{fogel1995a,
  author = {Fogel, III, D.B. and C., E. and Boughton, E.M.},
  date = {1995},
  title = {Evolving neural networks for detecting breast cancer},
  journal = {Cancer Letters},
  volume = {96},
  pages = {49–53},
  language = {en}
}
@book{friedman1971a,
  author = {Friedman, J.W.},
  date = {1971},
  title = {A Non-cooperative Equilibrium for Supergames},
  publisher = {Oxford University Press},
  language = {en},
  address = {Rochester}
}
@misc{gifford-a,
  author = {Gifford, A. (n.d},
  title = {Payoff Matrix in Economics: Theory \& Examples},
  url = {https://study.com/academy/lesson/payoff-matrix-in-economics-theory-examples.html},
  language = {en},
  urldate = {from Study:}
}
@article{herdt2003a,
  author = {Herdt, T.D.},
  date = {2003},
  title = {Cooperation and fairness: the flood–Dresher experiment},
  journal = {Review of Social Economy},
  pages = {184–191},
  language = {en}
}
@book{jong1997a,
  author = {Jong, K.D. and Fogel, D.B. and Schwefel, H.-P.},
  date = {1997},
  title = {A history of evolutionary computation},
  publisher = {Oxford University Press},
  language = {en}
}
@article{kakutani1941a,
  author = {Kakutani, S.},
  date = {1941},
  title = {A Generalization of Brouwer's Fixed Point Theorem},
  journal = {Duke Mathematical Journal},
  pages = {457–459},
  language = {en}
}
@article{kaznatcheev2015a,
  author = {Kaznatcheev, A.},
  date = {2015-03},
  title = {2). Short history of iterated prisoner’s dilemma tournaments. Retrieved from},
  journal = {Theory, Evolution and Games Group},
  url = {https://egtheory.wordpress.com/2015/03/02/ipd/},
  language = {en}
}
@misc{knight2015a,
  author = {Knight, V.},
  date = {2015},
  title = {Background to Axelrod's Tournament},
  url = {https://axelrod.readthedocs.io/en/stable/reference/description.html},
  language = {en},
  urldate = {from}
}
@book{langley1995a,
  author = {Langley, P.},
  date = {1995},
  title = {Applications of Machine Learning and Rule Induction},
  publisher = {Stanford University Press},
  language = {en},
  address = {California}
}
@misc{levine-a,
  author = {Levine, D.K.},
  date = {(n.d.).},
  title = {What is Game Theory? Retrieved from Economic Game Theory},
  url = {http://www.dklevine.com/general/whatis.htm},
  language = {en}
}
@misc{lutter1969a,
  author = {Lutter, B.E. and Huntsinger, R.C.},
  date = {1969},
  title = {Engineering Appllications of Finite Automata},
  pages = {264–265},
  language = {et}
}
@article{mcculloch1943a,
  author = {McCulloch, W.S. and Pitts, W.H.},
  date = {1943},
  title = {A Logical Calculus of the Ideas Immanent in Nervous Activity},
  journal = {Bulletin of Mathematical Biophysics},
  volume = {5},
  pages = {115–133},
  language = {en}
}
@article{mcdonnell1994a,
  author = {McDonnell, J.R. and Waagen, D.E.},
  date = {1994},
  title = {Evolving Recurrent Perceptrons for Time-Series Modeling},
  journal = {IEEE Transactions on Neural Networks},
  volume = {5},
  pages = {24–38},
  language = {en}
}
@book{nash1950a,
  author = {Nash, J.F.},
  date = {1950},
  title = {Non-Cooperative Games},
  publisher = {Princeton University},
  language = {en},
  address = {New Jersey}
}
@book{nash1950b,
  author = {Nash, J.F.},
  date = {1950},
  title = {Two-Person Cooperative Games},
  publisher = {S. Air Force Project RAND},
  language = {en},
  address = {California: U}
}
@misc{harrald1996a,
  author = {Harrald, Paul G. and B, D.},
  date = {1996},
  title = {Evolving Continous behaviours in the Iterated Prisoner's Dilemma},
  language = {en},
  address = {Manchester}
}
@misc{policonomics2016a,
  author = {Policonomics},
  date = {2016},
  title = {Game Theory III: Folk theorem},
  url = {https://policonomics.com/lp-game-theory3-folk-theorem/},
  language = {en},
  urldate = {from Policonomics:}
}
@incollection{porto1995a,
  author = {Porto, V.W. and Fogel, D.B. and Fogel, L.J.},
  date = {1995},
  title = {Alternative Neural Network Training Methods},
  booktitle = {IEEE Expert: Intelligent Systems and Their Applications},
  volume = {10},
  pages = {16–22},
  language = {en}
}
@misc{ross1997a,
  author = {Ross, D.},
  date = {1997-01},
  title = {25). Game Theory. Retrieved from Stanford Encyclopedia of Philosophy},
  url = {https://plato.stanford.edu/entries/game-theory/},
  language = {en}
}
@book{samuel1959a,
  author = {Samuel, A.L.},
  date = {1959},
  title = {Some Studies in Machine Learning Using the Game of Checkers},
  publisher = {IBM Journal},
  language = {en},
  address = {New York}
}
@misc{smith1991a,
  author = {Smith, E. and Wright, R.},
  date = {1991},
  title = {Why is Automobile Insurance in Philadelphia So Damn Expensive?},
  language = {en},
  address = {Minneapolis}
}
@book{smith1982a,
  author = {Smith, J.M.},
  date = {1982},
  title = {Evolution and the theory of games},
  publisher = {Cambridge University Press},
  language = {en},
  address = {Cambridge}
}
@misc{university2004a,
  author = {University, Stanford},
  date = {2004},
  title = {Basics of Automata Theory},
  url = {https://cs.stanford.edu/people/eroberts/courses/soco/projects/2004-05/automata-theory/basics.html},
  language = {en},
  urldate = {from Automata Theory:}
}
@misc{stergiou-a,
  author = {},
  title = {Neural Networks. Retrieved from Imperial College},
  url = {https://www.doc.ic.ac.uk/},
  language = {en},
  address = {London}
}
@inproceedings{veelen2012a,
  author = {Veelen, M.v and García, J. and Rand, D.G. and Nowak, M.A.},
  date = {2012},
  title = {Direct reciprocity in structured populations},
  booktitle = {PNAS (Proceedings of the National Academy of Sciences)},
  pages = {9929–9934},
  language = {en}
}
